<?xml version="1.0" encoding="UTF-8"?><collection xmlns="http://www.loc.gov/MARC21/slim"><record><leader>00530nam--2200205-i-4500</leader><controlfield tag="001">000000010</controlfield><controlfield tag="002">20161230</controlfield><controlfield tag="005">20170116151802</controlfield><controlfield tag="008">060222s1000------------r-----000-0-eng-d</controlfield><datafield ind1=" " ind2=" " tag="020"><subfield code="a">085274577X</subfield></datafield><datafield ind1=" " ind2=" " tag="040"><subfield code="a">IFIN-HH</subfield></datafield><datafield ind1=" " ind2=" " tag="080"><subfield code="a">535.14</subfield></datafield><datafield ind1="1" ind2=" " tag="100"><subfield code="a">Pike, E. R</subfield></datafield><datafield ind1="1" ind2="0" tag="245"><subfield code="a">Frontiers in Quantum Optics</subfield><subfield code="c">E.R. Pike, Sarben Sarkar (Eds.)</subfield></datafield><datafield ind1=" " ind2=" " tag="260"><subfield code="a">Boston</subfield><subfield code="b">Adam Hilger</subfield><subfield code="c">1986</subfield></datafield><datafield ind1=" " ind2=" " tag="300"><subfield code="a">587 P</subfield></datafield><datafield ind1=" " ind2=" " tag="490"><subfield code="a">Malvern Physics Series</subfield></datafield><datafield ind1="1" ind2=" " tag="700"><subfield code="a">Sarkar, Sarben</subfield><subfield code="e">Ed</subfield></datafield><datafield ind1=" " ind2=" " tag="852"><subfield code="a">74780</subfield><subfield code="c">535</subfield></datafield><datafield ind1=" " ind2=" " tag="CAT"><subfield code="a">SYS</subfield><subfield code="c">20170116</subfield><subfield code="h">151802</subfield></datafield></record></collection>